<record xmlns="http://www.loc.gov/MARC21/slim" xmlns:xsi="http://www.w3.org/2001/XMLSchema-instance" xsi:schemaLocation="http://www.loc.gov/MARC21/slim http://www.loc.gov/standards/marcxml/schema/MARC21slim.xsd">

  <leader>01674nab a22001697a 4500</leader>
  <controlfield tag="005">20160317160922.0</controlfield>
  <controlfield tag="008">150618b2000    cr f|||| |||| 00| 0 spa d</controlfield>
  <datafield ind1=" " tag="090" ind2=" ">
    <subfield code="a">REVIS 06.02.01</subfield>
  </datafield>
  <datafield ind2=" " tag="100" ind1="1">
    <subfield code="9">216</subfield>
    <subfield code="a">Aguilar Mora, María Ester</subfield>
  </datafield>
  <datafield ind1="1" ind2="4" tag="245">
    <subfield code="a">Propuesta metodológica para la formación de maestros para las zonas rurales (CIDE-UNA) /</subfield>
    <subfield code="c">María Ester Aguilar Mora, Marta Eugenia Monge Piedra</subfield>
  </datafield>
  <datafield ind1=" " ind2=" " tag="260">
    <subfield code="a">San José, Costa Rica :</subfield>
    <subfield code="b">Editorial Universidad de Costa Rica,</subfield>
    <subfield code="c">2000</subfield>
  </datafield>
  <datafield ind1=" " tag="300" ind2=" ">
    <subfield code="a">páginas 75-81</subfield>
  </datafield>
  <datafield tag="520" ind2=" " ind1=" ">
    <subfield code="a">En esta ponencia se plantea en forma breve un modelo metodológico denominado Modalidad presencial y a distancia, como una alternativa para la formación de maestros y maestras rurales.
La realidad muestra que los maestros que ejercen su labor en zonas muy alejadas, viven serias limitaciones para incorporarse a programas de formación o de capacitación  cuyos modelos sean presenciales.
La modalidad presencial y a distancia pretende ser una alternativa que pretende la interacción entre profesores y estudiantes a desplazarse diariamente a recibir lecciones.
La ponencia aborda los momentos del proceso metodológicos. Así como las condiciones necesarias para el desarrollo de esta modalidad.
Por lo anterior, la División de Educación Rural, del Centro de Investigación y Docencia en Educación, ha venido trabajando en una propuesta alternativa que permita brindar procesos pertinentes y de calidad, en las escuelas rurales</subfield>
  </datafield>
  <datafield ind1="1" ind2="4" tag="650">
    <subfield code="9">1</subfield>
    <subfield code="a">EDUCACIÓN</subfield>
  </datafield>
  <datafield ind2=" " tag="773" ind1="0">
    <subfield code="d">San José, Costa Rica : Editorial de la Universidad de Costa Rica, 1997-</subfield>
    <subfield code="o">R0032</subfield>
    <subfield code="t">EDUCACIÓN: Revista de la Universidad de Costa Rica</subfield>
    <subfield code="g">Vol.24, no.especial (2000)</subfield>
  </datafield>
  <datafield ind1=" " tag="942" ind2=" ">
    <subfield code="2">z</subfield>
    <subfield code="c">10</subfield>
  </datafield>
  <datafield ind1=" " ind2=" " tag="999">
    <subfield code="c">2698</subfield>
    <subfield code="d">2698</subfield>
  </datafield>
</record>